@misc{wikipedia-slovene,
  author = {Wikipedia},
  title = {Slovene language},
  month = {January},
  year = {2013},
  url = {http://en.wikipedia.org/wiki/Slovene_language}
}
